<record><leader>00000cas a22000007a 4500</leader><controlfield tag="001">36689610</controlfield><controlfield tag="008">970407d18901893sduwr ne      0    0eng d</controlfield><datafield ind1=" " ind2=" " tag="010"><subfield code="a">sn 97065770 </subfield></datafield><datafield ind1=" " ind2=" " tag="040"><subfield code="a">SXN</subfield><subfield code="b">eng</subfield><subfield code="c">SXN</subfield><subfield code="d">OCLCQ</subfield><subfield code="d">OCLCF</subfield><subfield code="d">OCLCO</subfield></datafield><datafield ind1="1" ind2=" " tag="029"><subfield code="a">AU@</subfield><subfield code="b">000013197245</subfield></datafield><datafield ind1=" " ind2=" " tag="042"><subfield code="a">msc</subfield></datafield><datafield ind1="0" ind2=" " tag="130"><subfield code="a">Buffalo Gap Republican (Buffalo Gap, S.D. : 1890)</subfield></datafield><datafield ind1="0" ind2="0" tag="245"><subfield code="a">Buffalo Gap Republican.</subfield></datafield><datafield ind1=" " ind2=" " tag="260"><subfield code="a">Buffalo Gap, S.D. :</subfield><subfield code="b">Buffalo Gap Pub. Co.</subfield></datafield><datafield ind1=" " ind2=" " tag="300"><subfield code="a">v.</subfield></datafield><datafield ind1=" " ind2=" " tag="310"><subfield code="a">Weekly</subfield></datafield><datafield ind1="1" ind2=" " tag="362"><subfield code="a">Ceased in 1893.</subfield></datafield><datafield ind1="0" ind2=" " tag="362"><subfield code="a">Vol. 1, no. 1 (Aug. 9, 1890)-</subfield></datafield><datafield ind1=" " ind2=" " tag="530"><subfield code="a">Available on microfilm from: State Archives, South Dakota State Historical Society.</subfield></datafield><datafield ind1=" " ind2="0" tag="651"><subfield code="a">Buffalo Gap (S.D.)</subfield><subfield code="v">Newspapers.</subfield></datafield><datafield ind1=" " ind2="0" tag="651"><subfield code="a">Custer County (S.D.)</subfield><subfield code="v">Newspapers.</subfield></datafield><datafield ind1=" " ind2="7" tag="655"><subfield code="a">Newspapers.</subfield><subfield code="2">fast</subfield><subfield code="0">(OCoLC)fst01423814</subfield></datafield><datafield ind1=" " ind2="7" tag="651"><subfield code="a">South Dakota</subfield><subfield code="z">Buffalo Gap.</subfield><subfield code="2">fast</subfield><subfield code="0">(OCoLC)fst01886716</subfield></datafield><datafield ind1=" " ind2="7" tag="651"><subfield code="a">South Dakota</subfield><subfield code="z">Custer County.</subfield><subfield code="2">fast</subfield><subfield code="0">(OCoLC)fst01212330</subfield></datafield><datafield ind1=" " ind2=" " tag="752"><subfield code="a">United States</subfield><subfield code="b">South Dakota</subfield><subfield code="c">Custer</subfield><subfield code="d">Buffalo Gap.</subfield></datafield><datafield ind1="0" ind2="0" tag="785"><subfield code="t">Republican (Buffalo Gap, S.D. : 1893)</subfield><subfield code="w">(DLC)sn 97065771</subfield></datafield></record>